
@article{bundle_protocol_architecture,
    author = {Farrera Marcos and Fleury Martin and Guil Ken and Ghanbari Mohammed},
    year = {2010},
    month = {02},
    title = {Measurement and Analysis Study of Congestion Detection for Internet Video Streaming},
    volume = {5},
    journal = {Journal of Communications},
    doi = {10.4304/jcm.5.2.169-177}
}

@misc{nasa2020,
  author = {NASA},
  title = {{NASA's Lunar Exploration Program Overview}},
  year = {2020},
  note = {https://www.nasa.gov/wp-content/uploads/2020/12/artemis_plan-20200921.pdf?emrc=f43185 (accessed Aug. 2024)}
}

@inproceedings{inproceedings,
author = {McBrayer, Katherine and Chai, Patrick and Judd, Emily},
year = {2022},
month = {10},
pages = {},
title = {Communication Delays, Disruptions, and Blackouts for Crewed Mars Missions},
doi = {10.2514/6.2022-4239}
}

@misc{interopspace,
  title = {Internet X Space Summit〜インターネットテクノロジーで, 宇宙をチャンスに~},
  year = {2024},
  note = {https://www.interop.jp/2024/exhibition/spacesummit/ (accessed Aug. 2024)}
}

@misc{rfc9171,
  author = {Scott Burleigh and Kevin Fall and Edward J. Birrane},
  title = {{Bundle Protocol Version 7}},
  howpublished = {RFC Editor, RFC 9171},
  year = {2022},
  month = {Jan.},
  note = {[Online]. Available: https://datatracker.ietf.org/doc/rfc9171/6},
  doi = {10.17487/RFC9171}
}

@misc{rfc4838,
  author = {Leigh Torgerson and Scott C. Burleigh and Howard Weiss and Adrian J. Hooke and Kevin Fall and Dr. Vinton G. Cerf and Keith Scott and Robert C. Durst},
  title = {{Delay-Tolerant Networking Architecture}},
  howpublished = {RFC Editor, RFC 4838},
  year = {2022},
  month = {Jan.},
  note = {[Online]. Available: https://datatracker.ietf.org/doc/html/rfc4838},
  doi = {10.17487/RFC4838}
}

@inproceedings{lunarnet,
  author = {Israel, David J. and Mauldin, Kendall D. and Roberts, Christopher J. and Mitchell, Jason W. and Pulkkinen, Antti A. and Cooper, La Vida D. and Johnson, Michael A. and Christe, Steven D. and Gramling, Cheryl J.},
  title = {{LunaNet: a Flexible and Extensible Lunar Exploration Communications and Navigation Infrastructure}},
  booktitle = {2020 IEEE Aerospace Conference (AEROCONF 2020)},
  year = {2020},
  publisher = {IEEE},
  address = {New York},
  pages = {1--14}
}



@misc{bundle_protocol_architecture,
  title = {{Measurement and Analysis Study of Congestion Detection for Internet Video Streaming - Scientific Figure on ResearchGate}},
  note = {Available from: https://www.researchgate.net/figure/DTN-bundle-protocol-architecture fig8 42803267 [accessed 19 Aug 2024]}
}

@misc{quote:cgr_draft,
  author = {S. C. Burleigh},
  title = {{Contact Graph Routing}},
  howpublished = {Internet Engineering Task Force, Internet-Draft draft-burleigh-dtnrg-cgr-01},
  year = {2010},
  month = {July},
  note = {https://datatracker.ietf.org/doc/draft-burleigh-dtnrg-cgr/01/ (accessed Aug. 2024)}
}

@misc{quote:ccsds_sabr,
  author = {CCSDS},
  title = {{Schedule-Aware Bundle Routing}},
  howpublished = {RECOMMENDED STANDARD CCSDS 734.2-B-1},
  year = {2019}
}

@misc{IonrcDiscription,
  author = {S. C. Burleigh},
  title = {configs/2node-stcp/host1.rc},
  year = {2014},
  note = {https://github.com/nasa-jpl/ION-DTN/blob/current/configs/2node-stcp/host1.rc}
}

@misc{rfc5326,
  author = {S. C. Burleigh and S. Farrell and M. Ramadas},
  title = {{Licklider Transmission Protocol - Specification}},
  howpublished = {RFC Editor, RFC 5326},
  year = {2008},
  month = {Sep.},
  note = {[Online]. Available: https://www.rfc-editor.org/info/rfc5326},
  doi = {10.17487/RFC5326}
}

//@misc{ipnsig,
  author = {{IPNSIG (Interplanetary Networking Special Interest Group)}},
  note = {https://www.ipnsig.org/ (accessed Aug. 2024)}
}

@misc{ionandd3tn,
  title = {{DTN Interoperability between ION and µD3TN Bundle Protocol implementations}},
  year = {2022},
  month = {June},
  note = {https://www.spatiam.com/blogs/blog011.html (accessed Aug. 2024)}
}

